
@article{aghionInfiniteErgodicTheory2020,
  title = {Infinite Ergodic Theory Meets {{Boltzmann}} Statistics},
  author = {Aghion, Erez and Kessler, David A and Barkai, Eli},
  date = {2020},
  journaltitle = {Chaos, Solitons \& Fractals},
  shortjournal = {Chaos, Solitons \& Fractals},
  volume = {138},
  pages = {109890},
  publisher = {{Elsevier}},
  issn = {0960-0779},
  doi = {10/gkpr2p},
  file = {E\:\\OneDrive - mail.nankai.edu.cn\\书\\大学\\Zotero\\Aghion et al_2020_Infinite ergodic theory meets Boltzmann statistics.pdf},
  keywords = {_important}
}

@article{aghionNonnormalizableBoltzmanngibbsStatistics2019,
  title = {From Non-Normalizable Boltzmann-Gibbs Statistics to Infinite-Ergodic Theory},
  author = {Aghion, Erez and Kessler, David A and Barkai, Eli},
  date = {2019},
  journaltitle = {Physical review letters},
  shortjournal = {Physical review letters},
  volume = {122},
  pages = {010601},
  publisher = {{APS}},
  doi = {10/gfsngq},
  file = {E\:\\OneDrive - mail.nankai.edu.cn\\书\\大学\\Zotero\\Aghion et al_2019_From non-normalizable boltzmann-gibbs statistics to infinite-ergodic theory.pdf},
  keywords = {_important},
  number = {1}
}

@article{bedeauxBoundaryConditionsNonequilibrium1976,
  title = {Boundary Conditions and Non-Equilibrium Thermodynamics},
  author = {Bedeaux, D and Albano, AM and Mazur, P},
  date = {1976},
  journaltitle = {Physica A: Statistical Mechanics and its Applications},
  shortjournal = {Physica A: Statistical Mechanics and its Applications},
  volume = {82},
  pages = {438--462},
  publisher = {{Elsevier}},
  issn = {0378-4371},
  doi = {10/fhbdww},
  file = {E\:\\OneDrive - mail.nankai.edu.cn\\书\\大学\\Zotero\\Bedeaux et al_1976_Boundary conditions and non-equilibrium thermodynamics.pdf},
  number = {3}
}

@article{bouchetThermodynamicsDynamicsSystems2010,
  title = {Thermodynamics and Dynamics of Systems with Long-Range Interactions},
  author = {Bouchet, Freddy and Gupta, Shamik and Mukamel, David},
  date = {2010},
  journaltitle = {Physica A: Statistical Mechanics and its Applications},
  volume = {389},
  pages = {4389--4405},
  publisher = {{Elsevier}},
  doi = {10/dsbkj9},
  file = {E\:\\OneDrive - mail.nankai.edu.cn\\书\\大学\\Zotero\\Bouchet et al_2010_Thermodynamics and dynamics of systems with long-range interactions.pdf},
  number = {20}
}

@article{campaStatisticalMechanicsDynamics2009,
  title = {Statistical Mechanics and Dynamics of Solvable Models with Long-Range Interactions},
  author = {Campa, Alessandro and Dauxois, Thierry and Ruffo, Stefano},
  date = {2009},
  journaltitle = {Physics Reports},
  volume = {480},
  pages = {57--159},
  publisher = {{Elsevier}},
  doi = {10.1016/j.physrep.2009.07.001},
  file = {E\:\\OneDrive - mail.nankai.edu.cn\\书\\大学\\Zotero\\Campa et al_2009_Statistical mechanics and dynamics of solvable models with long-range.pdf},
  number = {3-6}
}

@incollection{dauxoisDynamicsThermodynamicsSystems2002,
  title = {Dynamics and Thermodynamics of Systems with Long-Range Interactions: {{An}} Introduction},
  shorttitle = {Dynamics and Thermodynamics of Systems with Long-Range Interactions},
  booktitle = {Dynamics and {{Thermodynamics}} of {{Systems}} with {{Long}}-{{Range Interactions}}},
  author = {Dauxois, Thierry and Ruffo, Stefano and Arimondo, Ennio and Wilkens, Martin},
  date = {2002},
  pages = {1--19},
  publisher = {{Springer}},
  file = {E\:\\OneDrive - mail.nankai.edu.cn\\书\\大学\\Zotero\\Dauxois et al_2002_Dynamics and thermodynamics of systems with long-range interactions.pdf}
}

@article{drawinValidityConditionsLocal1969,
  title = {Validity Conditions for Local Thermodynamic Equilibrium},
  author = {Drawin, HW},
  date = {1969},
  journaltitle = {Zeitschrift für Physik},
  shortjournal = {Zeitschrift für Physik},
  volume = {228},
  pages = {99--119},
  publisher = {{Springer}},
  issn = {0044-3328},
  doi = {10/b4phhm},
  file = {E\:\\OneDrive - mail.nankai.edu.cn\\书\\大学\\Zotero\\Drawin_1969_Validity conditions for local thermodynamic equilibrium.pdf},
  number = {2}
}

@article{espositoCalculationsThermodynamicEquilibrium2000,
  title = {Calculations of Thermodynamic Equilibrium in Systems Subject to Gravitational Fields},
  author = {Espósito, Rogério O. and Castier, Marcelo and Tavares, Frederico W.},
  date = {2000},
  journaltitle = {Chemical engineering science},
  volume = {55},
  pages = {3495--3504},
  publisher = {{Elsevier}},
  doi = {10/c6746t},
  file = {E\:\\OneDrive - mail.nankai.edu.cn\\书\\大学\\Zotero\\Espósito et al_2000_Calculations of thermodynamic equilibrium in systems subject to gravitational.pdf},
  number = {17}
}

@article{evansEquilibriumMicrostatesWhich1994,
  title = {Equilibrium Microstates Which Generate Second Law Violating Steady States},
  author = {Evans, Denis J and Searles, Debra J},
  date = {1994},
  journaltitle = {Physical Review E},
  shortjournal = {Physical Review E},
  volume = {50},
  pages = {1645},
  publisher = {{APS}},
  doi = {10/ccw22w},
  file = {E\:\\OneDrive - mail.nankai.edu.cn\\书\\大学\\Zotero\\Evans_Searles_1994_Equilibrium microstates which generate second law violating steady states.pdf},
  number = {2}
}

@article{evansProbabilitySecondLaw1993,
  title = {Probability of Second Law Violations in Shearing Steady States},
  author = {Evans, Denis J and Cohen, Ezechiel Godert David and Morriss, Gary P},
  date = {1993},
  journaltitle = {Physical review letters},
  shortjournal = {Physical review letters},
  volume = {71},
  pages = {2401},
  publisher = {{APS}},
  doi = {10/b6swxc},
  file = {E\:\\OneDrive - mail.nankai.edu.cn\\书\\大学\\Zotero\\Evans et al_1993_Probability of second law violations in shearing steady states.pdf},
  number = {15}
}

@article{gallavottiDynamicalEnsemblesStationary1995,
  title = {Dynamical Ensembles in Stationary States},
  author = {Gallavotti, Giovanni and Cohen, Ezechiel Godert David},
  date = {1995},
  journaltitle = {Journal of Statistical Physics},
  shortjournal = {Journal of Statistical Physics},
  volume = {80},
  pages = {931--970},
  publisher = {{Springer}},
  issn = {1572-9613},
  doi = {10/c2g37p},
  file = {E\:\\OneDrive - mail.nankai.edu.cn\\书\\大学\\Zotero\\Gallavotti_Cohen_1995_Dynamical ensembles in stationary states.pdf},
  number = {5}
}

@article{huangHarnessingFluctuationTheorems2021,
  title = {Harnessing Fluctuation Theorems to Discover Free Energy and Dissipation Potentials from Non-Equilibrium Data},
  author = {Huang, Shenglin and Sun, Chuanpeng and Purohit, Prashant K and Reina, Celia},
  date = {2021},
  journaltitle = {Journal of the Mechanics and Physics of Solids},
  shortjournal = {Journal of the Mechanics and Physics of Solids},
  volume = {149},
  pages = {104323},
  publisher = {{Elsevier}},
  issn = {0022-5096},
  doi = {10.1016/j.jmps.2021.104323}
}

@article{huGravityNonequilibriumThermodynamics2011,
  title = {Gravity and Nonequilibrium Thermodynamics of Classical Matter},
  author = {Hu, B. L.},
  date = {2011},
  journaltitle = {International Journal of Modern Physics D},
  volume = {20},
  pages = {697--716},
  publisher = {{World Scientific}},
  doi = {10/dzmhr2},
  file = {E\:\\OneDrive - mail.nankai.edu.cn\\书\\大学\\Zotero\\Hu_2011_Gravity and nonequilibrium thermodynamics of classical matter.pdf},
  number = {05}
}

@article{hummerFreeEnergyReconstruction2001,
  title = {Free Energy Reconstruction from Nonequilibrium Single-Molecule Pulling Experiments},
  author = {Hummer, Gerhard and Szabo, Attila},
  date = {2001},
  journaltitle = {Proceedings of the National Academy of Sciences},
  shortjournal = {Proceedings of the National Academy of Sciences},
  volume = {98},
  pages = {3658--3661},
  publisher = {{National Acad Sciences}},
  issn = {0027-8424},
  doi = {10/ds2hzp},
  file = {E\:\\OneDrive - mail.nankai.edu.cn\\书\\大学\\Zotero\\Hummer_Szabo_2001_Free energy reconstruction from nonequilibrium single-molecule pulling.pdf},
  number = {7}
}

@article{ignatyevKineticsNonequilibriumUniverse2007,
  title = {Kinetics of the Nonequilibrium {{Universe}}. {{I}}. {{Local}} Thermodynamic Equilibrium Condition},
  author = {Ignatyev, Yu G},
  date = {2007},
  journaltitle = {Гравитация и космология},
  shortjournal = {Гравитация и космология},
  volume = {13},
  pages = {31--42},
  publisher = {{Pleiades Publishing, Ltd.(Плеадес Паблишинг, Лтд)}},
  issn = {0202-2893},
  keywords = {⛔ No DOI found},
  number = {1}
}

@inproceedings{kramersDiffusionLumierePar1927,
  title = {La Diffusion de La Lumiere Par Les Atomes},
  author = {Kramers, Hendrik Anthony},
  date = {1927},
  volume = {2},
  pages = {545--557},
  eventtitle = {Atti {{Cong}}. {{Intern}}. {{Fisica}} ({{Transactions}} of {{Volta Centenary Congress}}) {{Como}}}
}

@article{kronigTheoryDispersionXrays1926,
  title = {On the Theory of Dispersion of X-Rays},
  author = {Kronig, R de L},
  date = {1926},
  journaltitle = {Josa},
  shortjournal = {Josa},
  volume = {12},
  pages = {547--557},
  publisher = {{Optical Society of America}},
  doi = {10/c3vs6d},
  number = {6}
}

@article{laiThermodynamicEquilibriumLongrange1986,
  title = {Thermodynamic Equilibrium under Long-Range Forces. {{I}}. {{Dielectric}} Fluid},
  author = {Lai, H. M. and Young, K. and Suen, W. M.},
  date = {1986},
  journaltitle = {Physical Review A},
  volume = {34},
  pages = {1458},
  publisher = {{APS}},
  doi = {10/cnx2x9},
  file = {E\:\\OneDrive - mail.nankai.edu.cn\\书\\大学\\Zotero\\Lai et al_1986_Thermodynamic equilibrium under long-range forces.pdf},
  number = {2}
}

@article{levinNonequilibriumStatisticalMechanics2014,
  title = {Nonequilibrium Statistical Mechanics of Systems with Long-Range Interactions},
  author = {Levin, Yan and Pakter, Renato and Rizzato, Felipe B. and Teles, Tarcísio N. and Benetti, Fernanda PC},
  date = {2014},
  journaltitle = {Physics Reports},
  volume = {535},
  pages = {1--60},
  publisher = {{Elsevier}},
  file = {E\:\\OneDrive - mail.nankai.edu.cn\\书\\大学\\Zotero\\Levin et al_2014_Nonequilibrium statistical mechanics of systems with long-range interactions.pdf},
  keywords = {_important,❓ Multiple DOI},
  number = {1}
}

@article{maratheConvergenceThermodynamicQuantities2019,
  title = {Convergence of Thermodynamic Quantities and Work Fluctuation Theorems in the Presence of Random Protocols},
  author = {Marathe, Rahul and Lahiri, Sourabh},
  date = {2019},
  journaltitle = {International Journal of Modern Physics B},
  shortjournal = {International Journal of Modern Physics B},
  volume = {33},
  pages = {1950220},
  publisher = {{World Scientific}},
  issn = {0217-9792},
  doi = {10/gkmtc3},
  file = {E\:\\OneDrive - mail.nankai.edu.cn\\书\\大学\\Zotero\\Marathe_Lahiri_2019_Convergence of thermodynamic quantities and work fluctuation theorems in the.pdf},
  number = {20}
}

@article{neriIntegralFluctuationRelations2019,
  title = {Integral Fluctuation Relations for Entropy Production at Stopping Times},
  author = {Neri, Izaak and Roldán, Édgar and Pigolotti, Simone and Jülicher, Frank},
  date = {2019},
  journaltitle = {Journal of Statistical Mechanics: Theory and Experiment},
  shortjournal = {Journal of Statistical Mechanics: Theory and Experiment},
  volume = {2019},
  pages = {104006},
  publisher = {{IOP Publishing}},
  issn = {1742-5468},
  doi = {10/ghz3n5},
  file = {E\:\\OneDrive - mail.nankai.edu.cn\\书\\大学\\Zotero\\Neri et al_2019_Integral fluctuation relations for entropy production at stopping times.pdf},
  number = {10}
}

@article{searlesFluctuationTheoremStochastic1999,
  title = {Fluctuation Theorem for Stochastic Systems},
  author = {Searles, Debra J and Evans, Denis J},
  date = {1999},
  journaltitle = {Physical Review E},
  shortjournal = {Physical Review E},
  volume = {60},
  pages = {159},
  publisher = {{APS}},
  doi = {10/dqfd26},
  file = {E\:\\OneDrive - mail.nankai.edu.cn\\书\\大学\\Zotero\\Searles_Evans_1999_Fluctuation theorem for stochastic systems.pdf},
  number = {1}
}

@article{steyTimedependentFluctuationCorrelation1971,
  title = {Time-Dependent Fluctuation Correlation in Heisenberg-like Spin Systems in a Uniform External Magnetic Field},
  author = {Stey, GC},
  date = {1971},
  journaltitle = {Physica},
  shortjournal = {Physica},
  volume = {52},
  pages = {523--540},
  publisher = {{Elsevier}},
  issn = {0031-8914},
  doi = {10/dq33wf},
  file = {E\:\\OneDrive - mail.nankai.edu.cn\\书\\大学\\Zotero\\Stey_1971_Time-dependent fluctuation correlation in heisenberg-like spin systems in a.pdf},
  number = {4}
}

@article{streissnigWorkFluctuationTheorem2021,
  title = {A Work Fluctuation Theorem for a {{Brownian}} Particle in a Non Confining Potentia},
  author = {Streißnig, Christoph and Kantz, Holger},
  date = {2021-02-08},
  journaltitle = {Physical Review Research},
  shortjournal = {Phys. Rev. Research},
  volume = {3},
  pages = {013115},
  issn = {2643-1564},
  doi = {10/gkmtfz},
  url = {http://arxiv.org/abs/2101.03568},
  urldate = {2021-06-14},
  abstract = {Using the Feynman-Kac formula, a work fluctuation theorem for a Brownian particle in a nonconfining potential, e.g., a potential well with finite depth, is derived. The theorem yields aninequality that puts a lower bound on the average work needed to change the potential in time.In comparison to the Jarzynski equality, which holds for confining potentials, an additional termdescribing a form of energy related to the never ending diffusive expansion appears.},
  archiveprefix = {arXiv},
  eprint = {2101.03568},
  eprinttype = {arxiv},
  file = {E\:\\OneDrive - mail.nankai.edu.cn\\书\\大学\\Zotero\\Streißnig_Kantz_2021_A work fluctuation theorem for a Brownian particle in a non confining potentia.pdf;C\:\\Users\\pc\\Zotero\\storage\\FZX44KSB\\2101.html},
  keywords = {_important,Condensed Matter - Statistical Mechanics},
  number = {1},
  version = {1}
}

@article{suenThermodynamicEquilibriumLongrange1987,
  title = {Thermodynamic Equilibrium under Long-Range Forces. {{II}}. {{Gravity}} and Other Models},
  author = {Suen, W. M. and Young, K.},
  date = {1987},
  journaltitle = {Physical Review A},
  volume = {35},
  pages = {406},
  publisher = {{APS}},
  doi = {10/b7ncqf},
  file = {E\:\\OneDrive - mail.nankai.edu.cn\\书\\大学\\Zotero\\Suen_Young_1987_Thermodynamic equilibrium under long-range forces.pdf},
  number = {1}
}

@article{suenThermodynamicEquilibriumLongrange1987a,
  title = {Thermodynamic Equilibrium under Long-Range Forces. {{III}}. {{Equivalence}} of Self-Consistent-Field and Fixed-External-Field Formulations},
  author = {Suen, W. M. and Young, K.},
  date = {1987},
  journaltitle = {Physical Review A},
  volume = {35},
  pages = {411},
  publisher = {{APS}},
  doi = {10/dg2gj7},
  file = {E\:\\OneDrive - mail.nankai.edu.cn\\书\\大学\\Zotero\\Suen_Young_1987_Thermodynamic equilibrium under long-range forces2.pdf},
  number = {1}
}

@article{vanzonExtensionFluctuationTheorem2003,
  title = {Extension of the Fluctuation Theorem},
  author = {Van Zon, R. and Cohen, E. G. D.},
  date = {2003},
  journaltitle = {Physical Review Letters},
  volume = {91},
  pages = {110601},
  publisher = {{APS}},
  doi = {10/dbwzns},
  file = {E\:\\OneDrive - mail.nankai.edu.cn\\书\\大学\\Zotero\\Van Zon_Cohen_2003_Extension of the fluctuation theorem.pdf;C\:\\Users\\pc\\Zotero\\storage\\A8JK2P7P\\PhysRevLett.91.html},
  number = {11}
}

@article{wienerGeneralizedHarmonicAnalysis1930,
  title = {Generalized Harmonic Analysis},
  author = {Wiener, Norbert},
  date = {1930},
  journaltitle = {Acta mathematica},
  shortjournal = {Acta mathematica},
  volume = {55},
  pages = {117--258},
  publisher = {{Institut Mittag-Leffler}},
  issn = {0001-5962},
  doi = {10/drhsdc}
}

@article{zamponiFluctuationTheoremNonequilibrium2005,
  title = {A Fluctuation Theorem for Non-Equilibrium Relaxational Systems Driven by External Forces},
  author = {Zamponi, Francesco and Bonetto, Federico and Cugliandolo, Leticia F. and Kurchan, Jorge},
  date = {2005},
  journaltitle = {Journal of Statistical Mechanics: Theory and Experiment},
  volume = {2005},
  pages = {P09013},
  publisher = {{IOP Publishing}},
  doi = {10/btp4vn},
  file = {E\:\\OneDrive - mail.nankai.edu.cn\\书\\大学\\Zotero\\Zamponi et al_2005_A fluctuation theorem for non-equilibrium relaxational systems driven by.pdf;C\:\\Users\\pc\\Zotero\\storage\\2E9AGDFZ\\meta.html},
  number = {09}
}


