
@article{godrecheStatisticsOccupationTime2001,
  title = {Statistics of the Occupation Time of Renewal Processes},
  author = {Godreche, C and Luck, JM},
  date = {2001},
  journaltitle = {Journal of Statistical Physics},
  shortjournal = {Journal of Statistical Physics},
  volume = {104},
  pages = {489--524},
  publisher = {{Springer}},
  issn = {1572-9613},
  doi = {10/bqz3hp},
  number = {3}
}

@article{metzlerRandomWalkGuide2000,
  title = {The Random Walk's Guide to Anomalous Diffusion: A Fractional Dynamics Approach},
  author = {Metzler, Ralf and Klafter, Joseph},
  date = {2000},
  journaltitle = {Physics reports},
  shortjournal = {Physics reports},
  volume = {339},
  pages = {1--77},
  publisher = {{Elsevier}},
  issn = {0370-1573},
  doi = {10/bnfq98},
  number = {1}
}

@article{vomscheidtKloedenPEPlaten1994,
  title = {Kloeden, {{PE}}; {{Platen}}, {{E}}., {{Numerical Solution}} of {{Stochastic Differential Equations}}. {{Berlin}} Etc., {{Springer}}-{{Verlag}} 1992. {{XXXVI}}, 632 Pp., 85 Figs., {{DM}} 118, {{OO}}. {{ISBN}} 3-540-54062-8 ({{Applications}} of {{Mathematics}} 23)},
  author = {Vom Scheidt, J},
  date = {1994},
  journaltitle = {Zeitschrift Angewandte Mathematik und Mechanik},
  shortjournal = {Zeitschrift Angewandte Mathematik und Mechanik},
  volume = {74},
  pages = {332--332},
  issn = {0044-2267},
  doi = {10/ffrxkj},
  number = {8}
}

@book{zhaoTongJiReWuLiXue2019,
  title = {统计热物理学},
  author = {赵, 柳},
  date = {2019-04},
  publisher = {{科学出版社}},
  location = {{北京}},
  isbn = {978-7-03-060735-5}
}


